@article{Baglio:2018lrj,
      author         = "Baglio, Julien and Campanario, Francisco and Glaus,
                        Seraina and M{\"u}hlleitner, Margarete and Spira, Michael and
                        Streicher, Juraj",
      title          = "{Gluon fusion into Higgs pairs at NLO QCD and the top
                        mass scheme}",
      year           = "2018",
      eprint         = "1811.05692",
      archivePrefix  = "arXiv",
      primaryClass   = "hep-ph",
      reportNumber   = "FTUV-18-1113, IFIC/18-55, KA-TP-32-2018, PSI-PR-18-14",
      SLACcitation   = "%%CITATION = ARXIV:1811.05692;%%"
}
@article{Borowka:2016ypz,
      author         = "Borowka, S. and Greiner, N. and Heinrich, G. and Jones,
                        S.P. and Kerner, M. and Schlenk, J. and Zirke, T.",
      title          = "{Full top quark mass dependence in Higgs boson pair
                        production at NLO}",
      journal        = "JHEP",
      volume         = "10",
      year           = "2016",
      pages          = "107",
      doi            = "10.1007/JHEP10(2016)107",
      eprint         = "1608.04798",
      archivePrefix  = "arXiv",
      primaryClass   = "hep-ph",
      reportNumber   = "MPP-2016-261, ZU-TH-31-16",
      SLACcitation   = "%%CITATION = ARXIV:1608.04798;%%"
}
@article{Borowka:2016ehy,
      author         = "Borowka, S. and Greiner, N. and Heinrich, G. and Jones,
                        S.P. and Kerner, M. and Schlenk, J. and Schubert, U.
                        and Zirke, T.",
      title          = "{Higgs Boson Pair Production in Gluon Fusion at
                        Next-to-Leading Order with Full Top-Quark Mass
                        Dependence}",
      journal        = "Phys. Rev. Lett.",
      volume         = "117",
      year           = "2016",
      number         = "1",
      pages          = "012001",
      doi            = "10.1103/PhysRevLett.117.079901,
                        10.1103/PhysRevLett.117.012001",
      note           = "[Erratum: Phys. Rev. Lett.117,no.7,079901(2016)]",
      eprint         = "1604.06447",
      archivePrefix  = "arXiv",
      primaryClass   = "hep-ph",
      reportNumber   = "MPP-2016-80, NSF-KITP-16-040, ZH-TH-14-16",
      SLACcitation   = "%%CITATION = ARXIV:1604.06447;%%"
}
@techreport{ATLAS-CONF-2018-043,
      title         = "{Combination of searches for Higgs boson pairs in $pp$
                       collisions at 13 TeV with the ATLAS experiment.}",
      institution   = "CERN",
      collaboration = "ATLAS",
      address       = "Geneva",
      number        = "ATLAS-CONF-2018-043",
      month         = "Sep",
      year          = "2018",
      reportNumber  = "ATLAS-CONF-2018-043",
      url           = "https://cds.cern.ch/record/2638212",
}

